<collection xmlns="http://www.loc.gov/MARC21/slim">
<record>
  <leader>00982nam0a22002291i 450 </leader>
  <controlfield tag="001">IT\ICCU\CNCE\058619</controlfield>
  <controlfield tag="005">20060216000000.0</controlfield>
  <datafield tag="100" ind1=" " ind2=" ">
    <subfield code="a">20040621d1600        0itac0103    ba</subfield>
  </datafield>
  <datafield tag="101" ind1=" " ind2=" ">
    <subfield code="a">LAT</subfield>
  </datafield>
  <datafield tag="102" ind1=" " ind2=" ">
    <subfield code="a">IT</subfield>
  </datafield>
  <datafield tag="200" ind1="1" ind2=" ">
    <subfield code="a">℗Iusti Lipsi ℗Ad libros politicorum breues notae</subfield>
  </datafield>
  <datafield tag="210" ind1=" " ind2=" ">
    <subfield code="a">Veronae</subfield>
    <subfield code="c">Societatis aspirantium cura</subfield>
    <subfield code="d">1600</subfield>
  </datafield>
  <datafield tag="300" ind1=" " ind2=" ">
    <subfield code="a">Accorpata con CNC23093</subfield>
  </datafield>
  <datafield tag="620" ind1=" " ind2=" ">
    <subfield code="a">IT</subfield>
    <subfield code="d">Verona</subfield>
  </datafield>
  <datafield tag="700" ind1=" " ind2="1">
    <subfield code="a">Lipsius,</subfield>
    <subfield code="b">Justus</subfield>
    <subfield code="3">IT\ICCU\CNCA\006548</subfield>
  </datafield>
  <datafield tag="712" ind1="0" ind2="2">
    <subfield code="a">Compagnia degli Aspiranti</subfield>
    <subfield code="3">IT\ICCU\CNCT\002315</subfield>
    <subfield code="4">650</subfield>
  </datafield>
  <datafield tag="790" ind1=" " ind2="1">
    <subfield code="a">Lipse,</subfield>
    <subfield code="b">Juste</subfield>
    <subfield code="3">IT\ICCU\CNCA\009917</subfield>
    <subfield code="z">Lipsius, Justus</subfield>
  </datafield>
  <datafield tag="790" ind1=" " ind2="1">
    <subfield code="a">Lipsio,</subfield>
    <subfield code="b">Giusto</subfield>
    <subfield code="3">IT\ICCU\CNCA\020479</subfield>
    <subfield code="z">Lipsius, Justus</subfield>
  </datafield>
  <datafield tag="791" ind1="0" ind2="2">
    <subfield code="a">Societas Aspirantium</subfield>
    <subfield code="3">IT\ICCU\CNCT\002963</subfield>
    <subfield code="z">Compagnia degli Aspiranti</subfield>
  </datafield>
  <datafield tag="801" ind1=" " ind2="3">
    <subfield code="a">IT</subfield>
    <subfield code="b">ICCU</subfield>
    <subfield code="c">20201115</subfield>
  </datafield>
  <datafield tag="899" ind1=" " ind2=" ">
    <subfield code="a">Biblioteca civica. Verona</subfield>
    <subfield code="1">VR0059</subfield>
    <subfield code="2">ZVR 02</subfield>
  </datafield>
  <datafield tag="921" ind1=" " ind2=" ">
    <subfield code="a">IT\ICCU\CNCM\001248</subfield>
    <subfield code="b">Serpenti emergenti dalle acque guardano la riva. Sullo sfondo montagne e nuvole</subfield>
    <subfield code="c">U246</subfield>
    <subfield code="d">Dimensioni: 4 x 3,8 cm</subfield>
    <subfield code="f">SERPENTI</subfield>
    <subfield code="f">MONTAGNE</subfield>
    <subfield code="g">1600</subfield>
  </datafield>
</record>
</collection>
